@article{anfinsen,
	author={Christian B. Anfinsen},
	title={Principles that Govern the Folding of Protein Chains},
	year={1973},
	volume={181},
	number={4096},
	journal={Science},
	pages={223--230}
}

@article{basdevant,
	author={Nathalie Basdevant and Daniel Borgis and Tap Ha-Duong},
	title={A Coarse-Grained Protein-Protein Potential Derived from an All-Atom Force Field},
	journal={J. Phys. Chem.},
	volume={111},
	number={31},
	year={2007},
	pages={9390--9399}
}

@article{brooks,
	author={B.R. Brooks and others},
	title={{CHARMM}: The Biomolecular Simulation Program},
	journal={J. Comput. Chem.},
	volume={30},
	number={10},
	year={2009},
	pages={1545--1614}
}

@article{buchete2003,
	author={N.V. Buchete and J.E. Straub and D. Thirumalai},
	title={Orientation-dependent coarse-grained potentials derived by statistical analysis of molecular structural databases},
	journal={Polymer},
	volume={45},
	year={2004},
	pages={597--608}
}

@article{dill,
	author={Ken A. Dill and Hue Sun Chan},
	title={From Levinthal to pathways to funnels},
	journal={Nature Struct. Biol.},
	volume={4},
	number={1},
	year={1997},
	pages={10--19}
}

@article{enciso,
	author={Marta Enciso and Antonio Rey},
	title={Improvement of Structure-Based Potentials for Protein Folding by Native and Nonnative Hydrogen Bonds},
	journal={Biophys. J.},
	volume={101},
	year={2011},
	pages={1474--1482}
}

@article{feig,
	author={Michael Feig and Charles L. Brooks},
	title={Recent advances in the development and application of implicit solvent models in biomolecule simulations},
	journal={Curr. Opin. Struc. Biol.},
	volume={14},
	year={2004},
	pages={217--224}
}

@article{ferrara,
	author={Philippe Ferrara and Joannis Apostolakis and and Amedeo Caflisch},
	title={Evaluation of a Fast Implicit Solvent Model for Molecular Dynamics Simulations},
	journal={Proteins},
	volume={46},
	pages={24--33},
	year={2002}
}